@Article{duval,
	author = {Thierry Duval},
	title = {Méthode d'implémentation efficace
	des modèles PAC et PAC-Amodeus},
	publisher = {Irisa}
}

@Article{tarrabia,
  author = 	 {Patrice Tarrabia},
  title = 	 {LP and HP filter},
  note = {\url{http://www.musicdsp.org/archive.php?classid=3#38}}
}

@Article{javasound,
  author = 	 {Sun Microsystems Inc},
  title = 	 {Java\texttrademark Sound Programmer Guide},
  note = {\url{http://java.sun.com/j2se/1.5.0/docs/guide/sound/programmer_guide/chapter4.html#116365}}
}